<record><leader>00000cas a22000007a 4500</leader><controlfield tag="001">25023104</controlfield><controlfield tag="008">911227d1871187uohuwr ne      0    0eng d</controlfield><controlfield tag="009">8043</controlfield><datafield ind1=" " ind2=" " tag="010"><subfield code="a">sn 91075639 </subfield></datafield><datafield ind1=" " ind2=" " tag="040"><subfield code="a">ONP</subfield><subfield code="b">eng</subfield><subfield code="c">ONP</subfield><subfield code="d">DLC</subfield></datafield><datafield ind1=" " ind2=" " tag="042"><subfield code="a">msc</subfield></datafield><datafield ind1="0" ind2=" " tag="130"><subfield code="a">Winchester times (Canal Winchester, Ohio : 1871)</subfield></datafield><datafield ind1="0" ind2="0" tag="245"><subfield code="a">Winchester times.</subfield></datafield><datafield ind1=" " ind2=" " tag="260"><subfield code="a">[Canal Winchester, Ohio :</subfield><subfield code="b">s.n.],</subfield></datafield><datafield ind1=" " ind2=" " tag="300"><subfield code="a">v.</subfield></datafield><datafield ind1=" " ind2=" " tag="310"><subfield code="a">Weekly</subfield></datafield><datafield ind1="0" ind2=" " tag="362"><subfield code="a">Vol. 1, no. 1 (Mar. 16, 1871)-</subfield></datafield><datafield ind1=" " ind2=" " tag="752"><subfield code="a">United States</subfield><subfield code="b">Ohio</subfield><subfield code="c">Franklin</subfield><subfield code="d">Canal Winchester.</subfield></datafield><datafield ind1="0" ind2="0" tag="785"><subfield code="t">Canal Winchester times</subfield><subfield code="w">(DLC)sn 85026448</subfield></datafield></record>